<?xml version="1.0" encoding="UTF-8"?><collection xmlns="http://www.loc.gov/MARC21/slim"><record><leader>00393nam--2200133-i-4500</leader><controlfield tag="001">000043835</controlfield><controlfield tag="002">20161230</controlfield><controlfield tag="005">20161230201044</controlfield><controlfield tag="008">060222s1000------------r-----000-0-eng-d</controlfield><datafield ind1=" " ind2=" " tag="080"><subfield code="a">669.006.25:620.18.006.25</subfield></datafield><datafield ind1=" " ind2=" " tag="245"><subfield code="a">Studiul metalelor. tehnici de laborator</subfield></datafield><datafield ind1=" " ind2=" " tag="260"><subfield code="a">Timisoara, Ed.Facla, 1977, 201p</subfield></datafield><datafield ind1=" " ind2=" " tag="700"><subfield code="a">Trusculescu,Marin.,Tache,Anamaria.,Mitelea,Ionsibudau,Victor</subfield></datafield><datafield ind1=" " ind2=" " tag="852"><subfield code="a">43924</subfield></datafield></record></collection>